@book{knuth1984texbook,
  title={The {\TeX}book},
  author={Knuth, Donald Ervin},
  volume={3},
  year={1984},
  publisher={Addison-Wesley}
}

@book{lamport1994latex,
  title={{\LaTeX}: a document preparation system: user's guide and reference manual},
  author={Lamport, Leslie},
  year={1994},
  publisher={Addison-Wesley}
}

@book{goossens1993latex,
  title={The {\LaTeX} companion},
  author={Goossens, Michel and Mittelbach, Frank and Samarin, Alexander},
  year={1993},
  publisher={Addison-Wesley}
}

@misc{latex_project_2023,
  title={The {\LaTeX} Project},
  author={{LaTeX Project Team}},
  year={2023},
  url={https://www.latex-project.org/},
  note={Accessed: 2023-12-01}
}

@article{scientific_paper_2023,
  title={Advanced Document Processing with {\LaTeX}},
  author={Smith, John and Doe, Jane},
  journal={Journal of Document Engineering},
  volume={15},
  number={3},
  pages={123--145},
  year={2023},
  publisher={Academic Press}
}

@inproceedings{conference_paper_2022,
  title={Modern Typesetting Systems: A Comparative Study},
  author={Johnson, Alice and Brown, Bob},
  booktitle={Proceedings of the International Conference on Digital Typography},
  pages={67--82},
  year={2022},
  organization={IEEE}
}